<?xml version="1.0" encoding="UTF-8"?>
<collection xmlns:xsi="http://www.w3.org/2001/XMLSchema-instance" xsi:schemaLocation="http://www.loc.gov/MARC21/slim http://www.loc.gov/standards/marcxml/schema/MARC21slim.xsd" xmlns="http://www.loc.gov/MARC21/slim">
<record>
  <leader>01268cam a2200265 a 4500</leader>
  <controlfield tag="001">2871386</controlfield>
  <controlfield tag="003">NNC</controlfield>
  <controlfield tag="005">20130425234657.0</controlfield>
  <controlfield tag="008">960315s1905    ua            000 0 arard</controlfield>
  <datafield tag="035" ind1=" " ind2=" ">
    <subfield code="a">(OCoLC)ocm34376859</subfield>
  </datafield>
  <datafield tag="035" ind1=" " ind2=" ">
    <subfield code="9">ASA5969CU</subfield>
  </datafield>
  <datafield tag="035" ind1=" " ind2=" ">
    <subfield code="a">(NNC)2871386</subfield>
  </datafield>
  <datafield tag="040" ind1=" " ind2=" ">
    <subfield code="a">UUM</subfield>
    <subfield code="c">UUM</subfield>
    <subfield code="d">ZCU</subfield>
  </datafield>
  <datafield tag="090" ind1=" " ind2=" ">
    <subfield code="a">BP75.1</subfield>
    <subfield code="b">.S25</subfield>
  </datafield>
  <datafield tag="100" ind1="1" ind2=" ">
    <subfield code="a">Sakhāwī, Muḥammad ibn ʻAbd al-Raḥmān,</subfield>
    <subfield code="d">1427 or 1428-1497.</subfield>
  </datafield>
  <datafield tag="240" ind1="1" ind2="0">
    <subfield code="a">Ḥirz al-manīʻ min al-qawl al-badīʻ fī al-ṣalāh ʻalá al- Ḥabīb al-Shafīʻ</subfield>
  </datafield>
  <datafield tag="245" ind1="1" ind2="0">
    <subfield code="a">Kitāb al-Ḥirz al-manīʻ min al-qawl al-badīʻ fī al-ṣalāh ʻalá al-Ḥabīb al-Shafīʻ /</subfield>
    <subfield code="c">al-aṣl li-Shams al-Dīn Abī al-Khayr Muḥammad ibn ʻAbd al-Raḥmān al-Sakhāwī al-Shāfiʻī ; wa-al-mukhtaṣar li- Jalāl al-Dīn ʻAbd al-Raḥmān ibn Abī Bakr al-Suyūṭī ; ʻuniya bi- taṣḥīḥihi Muḥammad Abū Firās al-Naʻsānī al-Ḥalabī.</subfield>
  </datafield>
  <datafield tag="250" ind1=" " ind2=" ">
    <subfield code="a">al-Ṭabʻah 1.</subfield>
  </datafield>
  <datafield tag="260" ind1=" " ind2=" ">
    <subfield code="a">Miṣr :</subfield>
    <subfield code="b">al-Maṭbaʻ al-ʻĀmirah al-Sharafīyah,</subfield>
    <subfield code="c">1323 [1905]</subfield>
  </datafield>
  <datafield tag="300" ind1=" " ind2=" ">
    <subfield code="a">132 p. ;</subfield>
    <subfield code="c">21 cm.</subfield>
  </datafield>
  <datafield tag="600" ind1="0" ind2="0">
    <subfield code="a">Muḥammad,</subfield>
    <subfield code="c">Prophet,</subfield>
    <subfield code="d">-632.</subfield>
  </datafield>
  <datafield tag="650" ind1=" " ind2="0">
    <subfield code="a">Prayer</subfield>
    <subfield code="x">Islam.</subfield>
  </datafield>
  <datafield tag="700" ind1="1" ind2=" ">
    <subfield code="a">Ḥalabī, Muḥammad Badr al-Dīn al-Naʻsānī.</subfield>
  </datafield>
  <datafield tag="700" ind1="0" ind2=" ">
    <subfield code="a">Suyūṭī,</subfield>
    <subfield code="d">1445-1505.</subfield>
  </datafield>
  <datafield tag="955" ind1=" " ind2=" ">
    <subfield code="b">CU02186659</subfield>
    <subfield code="d">off,glx</subfield>
    <subfield code="e">BP75.1 .S25</subfield>
  </datafield>
</record>
</collection>